@inproceedings{yang2008content,
	title={The content pollution in peer-to-peer live streaming systems: Analysis and implications},
	author={Yang, Sirui and Jin, Hai and Li, Bo and Liao, Xiaofei and Yao, Hong and Tu, Xuping},
	booktitle={Parallel Processing, 2008. ICPP'08. 37th International Conference on},
	pages={652--659},
	year=2008,
	organization={IEEE}
}

@inproceedings{tan2005building,
	title={Building multicast trees for multimedia streaming in heterogeneous P2P networks},
	author={Tan, Xiangrong and Datta, Suprakash},
	booktitle={Systems Communications, 2005. Proceedings},
	pages={141--146},
	year={2005},
	organization={IEEE}
}

@inproceedings{liao2006anysee,
	title={AnySee: Peer-to-Peer Live Streaming.},
	author={Liao, Xiaofei and Jin, Hai and Liu, Yunhao and Ni, Lionel M and Deng, Dafu},
	booktitle={INFOCOM},
	volume={25},
	pages={1--10},
	year={2006}
}

@article{liao2007scalable,
	title={Scalable live streaming service based on interoverlay optimization},
	author={Liao, Xiaofei and Jin, Hai and Liu, Yunhao and Ni, Lionel M},
	journal={Parallel and Distributed Systems, IEEE Transactions on},
	volume={18},
	number={12},
	pages={1663--1674},
	year={2007},
	publisher={IEEE}
}

@inproceedings{picconi2009isp,
	title={ISP friend or foe? making P2P live streaming ISP-aware},
	author={Picconi, Fabio and Massoulie, Laurent},
	booktitle={Distributed Computing Systems, 2009. ICDCS'09. 29th IEEE International Conference on},
	pages={413--422},
	year={2009},
	organization={IEEE}
}

@inproceedings{masoud2012constructing,
	title={Constructing a locality-aware ISP-friendly peer-to-peer live streaming architecture},
	author={Masoud, Mohammad Zakaria and Hei, Xiaojun and Cheng, Wenqing},
	booktitle={Information Science and Technology (ICIST), 2012 International Conference on},
	pages={368--376},
	year={2012},
	organization={IEEE}
}

@article{magharei2014isp,
	title={ISP-friendly live P2P streaming},
	author={Magharei, Nazanin and Rejaie, Reza and Rimac, Ivica and Hilt, Volker and Hofmann, Markus},
	journal={Networking, IEEE/ACM Transactions on},
	volume={22},
	number={1},
	pages={244--256},
	year={2014},
	publisher={IEEE}
}

@inproceedings{torres2011dissecting,
	title={Dissecting video server selection strategies in the youtube cdn},
	author={Torres, Ruben and Finamore, Alessandro and Kim, Jin Ryong and Mellia, Marco and Munafo, Maurizio M and Rao, Sanjay},
	booktitle={Distributed Computing Systems (ICDCS), 2011 31st International Conference on},
	pages={248--257},
	year={2011},
	organization={IEEE}
}

@inproceedings{gill2007youtube,
	title={Youtube traffic characterization: a view from the edge},
	author={Gill, Phillipa and Arlitt, Martin and Li, Zongpeng and Mahanti, Anirban},
	booktitle={Proceedings of the 7th ACM SIGCOMM conference on Internet measurement},
	pages={15--28},
	year={2007},
	organization={ACM}
}

@article{yun2014biometric,
	title={The biometric signature delegation scheme to balance the load of digital signing in hybrid P2P networks},
	author={Yun, Sunghyun and Lim, Heuiseok and Chung, Kyungyong},
	journal={Peer-to-Peer Networking and Applications},
	pages={1--10},
	year={2014},
	publisher={Springer}
}

@article{lu2012analysis,
	title={An analysis and comparison of CDN-P2P-hybrid content delivery system and model},
	author={Lu, Zhihui and Wang, Ye and Yang, Yang Richard},
	journal={journal of communications},
	volume={7},
	number={3},
	pages={232--245},
	year={2012}
}

@article{wu2012diagnosing,
	title={Diagnosing network-wide P2P live streaming inefficiencies},
	author={Wu, Chuan and Li, Baochun and Zhao, Shuqiao},
	journal={ACM Transactions on Multimedia Computing, Communications, and Applications (TOMCCAP)},
	volume={8},
	number={1S},
	pages={13},
	year={2012},
	publisher={ACM}
}

@inproceedings{wu2009queuing,
	title={Queuing network models for multi-channel P2P live streaming systems},
	author={Wu, Di and Liu, Yong and Ross, Keith W},
	booktitle={INFOCOM 2009, IEEE},
	pages={73--81},
	year={2009},
	organization={IEEE}
}

@inproceedings{stockhammer2011dynamic,
	title={Dynamic adaptive streaming over HTTP--: standards and design principles},
	author={Stockhammer, Thomas},
	booktitle={Proceedings of the second annual ACM conference on Multimedia systems},
	pages={133--144},
	year={2011},
	organization={ACM}
}

@inproceedings{roverso2012peer2view,
	title={Peer2View: A peer-to-peer HTTP-live streaming platform},
	author={Roverso, Roberto and El-Ansary, Sameh and Haridi, Seif},
	booktitle={Peer-to-Peer Computing (P2P), 2012 IEEE 12th International Conference on},
	pages={65--66},
	year={2012},
	organization={IEEE}
}

@inproceedings{roverso2015smoothcache,
	title={SmoothCache 2.0: CDN-quality adaptive HTTP live streaming on peer-to-peer overlays},
	author={Roverso, Roberto and Reale, Riccardo and El-Ansary, Sameh and Haridi, Seif},
	booktitle={Proceedings of the 6th ACM Multimedia Systems Conference},
	pages={61--72},
	year={2015},
	organization={ACM}
}

@inproceedings{ding2012cloudgps,
	title={CloudGPS: a scalable and ISP-friendly server selection scheme in cloud computing environments},
	author={Ding, Cong and Chen, Yang and Xu, Tianyin and Fu, Xiaoming},
	booktitle={Proceedings of the 2012 IEEE 20th International Workshop on Quality of Service},
	pages={5},
	year={2012},
	organization={IEEE Press}
}

@inproceedings{fernando2013isp,
	title={ISP friendly peer selection in bittorrent},
	author={Fernando, Tharidu and Keppetiyagama, Chamath},
	booktitle={Advances in ICT for Emerging Regions (ICTer), 2013 International Conference on},
	pages={160--167},
	year={2013},
	organization={IEEE}
}

@book{kraft1988software,
  title={A software package for sequential quadratic programming},
  author={Kraft, Dieter and others},
  year={1988},
  publisher={DFVLR Obersfaffeuhofen, Germany}
}

@article{kraft1994algorithm,
  title={Algorithm 733: TOMP--Fortran modules for optimal control calculations},
  author={Kraft, Dieter},
  journal={ACM Transactions on Mathematical Software (TOMS)},
  volume={20},
  number={3},
  pages={262--281},
  year={1994},
  publisher={ACM}
}

@article{alves2014primal,
  title={Primal-dual regularized SQP and SQCQP type methods for convex programming and their complexity analysis},
  author={Alves, M Marques and Monteiro, RDC and Svaiter, Benar F},
  year={2014}
}

@inproceedings{zhuang2011optimizing,
  title={Optimizing CDN infrastructure for live streaming with constrained server chaining},
  author={Zhuang, Zhenyun and Guo, Chun},
  booktitle={Parallel and Distributed Processing with Applications (ISPA), 2011 IEEE 9th International Symposium on},
  pages={183--188},
  year={2011},
  organization={IEEE}
}

@inproceedings{wu2009view,
  title={View-upload decoupling: A redesign of multi-channel p2p video systems},
  author={Wu, Di and Liang, Chao and Liu, Yong and Ross, Keith},
  booktitle={INFOCOM 2009, IEEE},
  pages={2726--2730},
  year={2009},
  organization={IEEE}
}

@inproceedings{wu2008multi,
  title={Multi-channel live p2p streaming: Refocusing on servers},
  author={Wu, Chuan and Li, Baochun and Zhao, Shuqiao},
  booktitle={INFOCOM 2008. The 27th Conference on Computer Communications. IEEE},
  year={2008},
  organization={IEEE}
}

% new related works
@inproceedings{mukerjee2014enabling,
	title={Enabling near real-time central control for live video delivery in CDNs},
	author={Mukerjee, Matthew K and Hong, JungAh and Jiang, Junchen and Naylor, David and Han, Dongsu and Seshan, Srinivasan and Zhang, Hui},
	booktitle={Proceedings of the 2014 ACM conference on SIGCOMM},
	pages={343--344},
	year={2014},
	organization={ACM}
}

@inproceedings{zhou2012minimizing,
	title={Minimizing server throughput for low-delay live streaming in content delivery networks},
	author={Zhou, Fen and Ahmad, Shakeel and Buyukkaya, Eliya and Hamzaoui, Raouf and Simon, Gwendal},
	booktitle={Proceedings of the 22nd international workshop on Network and Operating System Support for Digital Audio and Video},
	pages={65--70},
	year={2012},
	organization={ACM}
}

@inproceedings{lu2011scalable,
	title={Scalable and reliable live streaming service through coordinating CDN and P2P},
	author={Lu, ZhiHui and Gao, XiaoHong and Huang, SiJia and Huang, Yi},
	booktitle={Parallel and Distributed Systems (ICPADS), 2011 IEEE 17th International Conference on},
	pages={581--588},
	year={2011},
	organization={IEEE}
}

@article{hu2012eue,
	title={EUE principle of resource scheduling for live streaming systems underlying CDN-P2P hybrid architecture},
	author={Hu, Chao and Chen, Ming and Xing, Changyou and Xu, Bo},
	journal={Peer-to-Peer Networking and Applications},
	volume={5},
	number={4},
	pages={312--322},
	year={2012},
	publisher={Springer}
}

@inproceedings{pires2014dash,
	title={DASH in Twitch: Adaptive Bitrate Streaming in Live Game Streaming Platforms},
	author={Pires, Karine and Simon, Gwendal},
	booktitle={Proceedings of the 2014 Workshop on Design, Quality and Deployment of Adaptive Video Streaming},
	pages={13--18},
	year={2014},
	organization={ACM}
}

@inproceedings{zhang2015crowdsourced,
	title={On crowdsourced interactive live streaming: a Twitch. tv-based measurement study},
	author={Zhang, Cong and Liu, Jiangchuan},
	booktitle={Proceedings of the 25th ACM Workshop on Network and Operating Systems Support for Digital Audio and Video},
	pages={55--60},
	year={2015},
	organization={ACM}
}

% price assumption
@inproceedings{valancius2011many,
	title={How many tiers?: pricing in the internet transit market},
	author={Valancius, Vytautas and Lumezanu, Cristian and Feamster, Nick and Johari, Ramesh and Vazirani, Vijay V},
	booktitle={ACM SIGCOMM Computer Communication Review},
	volume={41},
	number={4},
	pages={194--205},
	year={2011},
	organization={ACM}
}

@inproceedings{xu2013joint,
	title={Joint request mapping and response routing for geo-distributed cloud services},
	author={Xu, Hong and Li, Baochun},
	booktitle={INFOCOM, 2013 Proceedings IEEE},
	pages={854--862},
	year={2013},
	organization={IEEE}
}

@article{ren2015beyond,
	title={Beyond 1Mbps Global Overlay Live Streaming: The Case of Proxy Helpers},
	author={Ren, Dongni and Xu, Yisheng and Chan, S-H Gary},
	journal={ACM Transactions on Multimedia Computing, Communications, and Applications (TOMM)},
	volume={11},
	number={2},
	pages={26},
	year={2015},
	publisher={ACM}
}

@article{ren2009fast,
	title={Fast-mesh: a low-delay high-bandwidth mesh for peer-to-peer live streaming},
	author={Ren, Dongni and Li, Y-TH and Chan, S-HG},
	journal={Multimedia, IEEE Transactions on},
	volume={11},
	number={8},
	pages={1446--1456},
	year={2009},
	publisher={IEEE}
}

@inproceedings{mokhtarian2013minimum,
	title={Minimum-delay overlay multicast},
	author={Mokhtarian, Kianoosh and Jacobsen, H-A},
	booktitle={INFOCOM, 2013 Proceedings IEEE},
	pages={1771--1779},
	year={2013},
	organization={IEEE}
}

@article{zhang2012overlay,
	title={An overlay multicast protocol for live streaming and delay-guaranteed interactive media},
	author={Zhang, Weizhan and Zheng, Qinghua and Li, Haifei and Tian, Feng},
	journal={Journal of Network and Computer Applications},
	volume={35},
	number={1},
	pages={20--28},
	year={2012},
	publisher={Elsevier}
}

@inproceedings{kucharzak2013modeling,
	title={On modeling of minimum cost multicast topology with multiple static streams in overlay communication networks},
	author={Kucharzak, Micha{\l} and Walkowiak, Krzysztof and Klinkowski, Miros{\l}aw},
	booktitle={Transparent Optical Networks (ICTON), 2013 15th International Conference on},
	pages={1--4},
	year={2013},
	organization={IEEE}
}

@inproceedings{zhou2013joint,
	title={Joint optimization for the delivery of multiple video channels in telco-cdn},
	author={Zhou, Fen and Jiayi, LIU and Simon, Gwendal and Boutaba, Raouf},
	booktitle={CNSM 2013: International Conference on Network and Service Management},
	pages={161--165},
	year={2013}
}

@article{liu2014dissecting,
	title={Dissecting User Behaviors for a Simultaneous Live and VoD IPTV System},
	author={Liu, Ning and Cui, Huajie and Chan, S-H Gary and Chen, Zhipeng and Zhuang, Yirong},
	journal={ACM Transactions on Multimedia Computing, Communications, and Applications (TOMCCAP)},
	volume={10},
	number={3},
	pages={23},
	year={2014},
	publisher={ACM}
}

@article{zhu2010gbest,
	title={Gbest-guided artificial bee colony algorithm for numerical function optimization},
	author={Zhu, Guopu and Kwong, Sam},
	journal={Applied Mathematics and Computation},
	volume={217},
	number={7},
	pages={3166--3173},
	year={2010},
	publisher={Elsevier}
}

@article{liao2014unified,
	title={A unified ant colony optimization algorithm for continuous optimization},
	author={Liao, Tianjun and St{\"u}tzle, Thomas and de Oca, Marco A Montes and Dorigo, Marco},
	journal={European journal of operational research},
	volume={234},
	number={3},
	pages={597--609},
	year={2014},
	publisher={Elsevier}
}


@inproceedings{uchida2012efficient,
	title={An Efficient GPU Implementation of Ant Colony Optimization for the Traveling Salesman Problem.},
	author={Uchida, Akihiro and Ito, Yasuaki and Nakano, Koji},
	booktitle={ICNC},
	pages={94--102},
	year={2012}
}

@article{cecilia2013enhancing,
	title={Enhancing data parallelism for ant colony optimization on GPUs},
	author={Cecilia, Jos{\'e} M and Garc{\'\i}a, Jos{\'e} M and Nisbet, Andy and Amos, Martyn and Ujald{\'o}n, Manuel},
	journal={Journal of Parallel and Distributed Computing},
	volume={73},
	number={1},
	pages={42--51},
	year={2013},
	publisher={Elsevier}
}

@article{Liu:2015:ISO:2778925.2779602,
 author = {Liu, Baoquan and Clapworthy, Gordon J. and Dong, Feng},
 title = {IsoBAS},
 journal = {Comput. Graph.},
 issue_date = {May 2015},
 volume = {48},
 number = {C},
 month = may,
 year = {2015},
 issn = {0097-8493},
 pages = {60--70},
 numpages = {11},
 url = {http://dx.doi.org/10.1016/j.cag.2015.02.002},
 doi = {10.1016/j.cag.2015.02.002},
 acmid = {2779602},
 publisher = {Pergamon Press, Inc.},
 address = {Elmsford, NY, USA},
 keywords = {GPU techniques, Isosurface, Volume visualization},
} 
